@article{smith2010,
	author = {Smith, John},
	journal = {https://www.enfancemusique.asso.fr/themencode-pdf-viewer-sc/?tncpvfw = ZmlsZT 1odHRwczovL3d3dy
	page = 53zoom = autopagemode = none},
}
@article{smith2011,
	author = {Smith, Harry},
	journal = {https : //www.toupie.org/Dictionnaire/Citoyennete.htm},
}

@article{smith2012,
	author = {John, Harry},
	journal = {https://www.uil.unesco.org/fr/adult-education/global-citizenship-educationq},
}
